<?xml version="1.0" encoding="UTF-8"?><record xmlns="http://www.loc.gov/MARC21/slim" xmlns:cinclude="http://apache.org/cocoon/include/1.0" xmlns:zs="http://www.loc.gov/zing/srw/">
  <leader>00722cz  a2200169n  4500</leader>
  <controlfield tag="001">n  83020732 </controlfield>
  <controlfield tag="003">DLC</controlfield>
  <controlfield tag="005">19960813052818.4</controlfield>
  <controlfield tag="008">830321n| acannaab|          |a aaa |||  </controlfield>
  <datafield tag="010" ind1=" " ind2=" ">
    <subfield code="a">n  83020732 </subfield>
  </datafield>
  <datafield tag="035" ind1=" " ind2=" ">
    <subfield code="a">(OCoLC)oca00913608 </subfield>
  </datafield>
  <datafield tag="040" ind1=" " ind2=" ">
    <subfield code="a">DLC</subfield>
    <subfield code="c">DLC</subfield>
    <subfield code="d">NmU</subfield>
  </datafield>
  <datafield tag="100" ind1="1" ind2="0">
    <subfield code="a">Austin, George S.</subfield>
  </datafield>
  <datafield tag="400" ind1="1" ind2="0">
    <subfield code="a">Austin, G. S.</subfield>
    <subfield code="q">(George S.)</subfield>
  </datafield>
  <datafield tag="670" ind1=" " ind2=" ">
    <subfield code="a">Sims, P. K. Interpretation of Lake Washington magnetic anomaly ... 1965.</subfield>
  </datafield>
  <datafield tag="670" ind1=" " ind2=" ">
    <subfield code="a">Modern adobe in New Mexico, 1996:</subfield>
    <subfield code="b">t.p. (George S. Austin) p. 24 (Senior Industrial Minerals Geologist with NMBMMR [New Mex. Bureau of Mines and Mineral Resources])</subfield>
  </datafield>
  <datafield tag="670" ind1=" " ind2=" ">
    <subfield code="a">OCLC #30876480, 8/12/96</subfield>
    <subfield code="b">(hdg.: Austin George Stephen; usage not available; author's Ph. D. thesis, Univ. of Iowa)</subfield>
  </datafield>
</record>